2462 3251
172 140 213 154 ,Γ

753 164 818 206 'nn
863 171 1056 206 ronna
1102 171 1422 208 nomauonvnr.
1477 184 1479 186 >
1921 177 1978 220 33

1110 240 1113 241 γ
1688 231 1701 250 Ι

121 291 124 293 ’
198 281 242 326 ἃ
268 266 495 339 *cottidiana
535 278 693 321 LXXV.
726 276 857 321 millia
895 274 1135 341 modiorum
1164 276 1336 335 expendi
1370 274 1527 334 poffent
1559 276 1761 338 reliquit.'’
1846 282 1981 338 ltaque

198 359 354 388 annuus
373 353 511 387 canon
531 338 647 399 supra
666 339 876 383 ducenties
885 346 1063 392 {centena
1083 338 1212 383 millia
1233 338 1422 384 modium
1444 346 1667 385 excucurrit
1690 344 1982 399 (27375000).

197 409 352 456 verum
375 406 503 456 enim
536 416 635 446 vero
669 416 874 446 canonem
907 401 1014 445 vrbis
1041 397 1357 446 frumentarium
1386 400 1550 445 diuerlis
1578 406 1828 463 temporibus
1855 421 1982 467 quam

197 460 379 514 maxime
403 461 624 511 'diuersum
662 462 803 517 fuisse,
829 470 925 525 'per
955 462 996 509 se
1033 464 1283 525 intelligitur.
1377 463 1576 524 Augustus
1609 469 1721 510 enim
1755 466 1784 510 fi
1815 485 1863 512 ex
1894 466 1979 514 sola

198 535 392 591 Aegypto
434 543 568 573 annua
606 526 811 572 ducenties
849 539 1021 571 centena
1069 527 1198 570 millia
1226 525 1434 570 ·modium
1478 530 1636 570 inuexit
1679 529 1978 587 (20900000)

225 607 396 638 uantum
415 603 614 652 praeterea
634 606 684 636 ex
707 591 867 642 Sicilia,
906 588 1072 643 Africa,
1108 589 1275 650 aliisque
1305 589 1538 651 regionibus
1571 588 1789 637 aduedum
1823 590 1899 637 effe
1920 597 1978 638 iu-

196 611 410 718 dicemus?
1002 687 1004 690 ,

518 733 522 751 ’·
981 713 1040 773 -·§
1105 729 1170 769 27.

409 812 411 815 .
441 776 566 827 Leges
582 776 883 829 frumentariae,
924 775 992 825 seu
1014 775 1064 816 ‚de
1090 775 1364 827 largitionibus
1381 774 1458 826 sub
1485 788 1565 827 rep.
1592 775 1722 816 libera.

339 829 623 890 Aggredienda
647 843 758 870 nunc
783 829 838 869 est
868 842 913 868 ea
940 842 1028 884 pars
1044 834 1170 870 'curae
1189 843 1400 876 annonae,
1442 844 1519 886 qua
1548 827 1824 872 destumenti
1851 828 1977 873 distri-

194 893 362 939 butione
389 889 456 936 seu
484 904 524 935 vt
547 891 714 949 proprio
745 890 1031 933 Romanorum
1062 888 1263 934 vocabulo
1300 901 1405 941 vtar‚
1445 890 1495 934 de
1515 890 1795 951 largitionibus
1816 896 1975 952 agitur;

198 970 300 1018 quae
329 969 426 999 cum
450 967 499 996 ex
526 954 640 995 certis
667 950 819 1011 legibus
848 949 993 996 fierent
1023 951 1117 996 inae
1151 963 1243 994 ante
1270 955 1413 994 omnia
1446 950 1535 994 sunt
1566 955 1977 999 commemorandae.

197 1006 408 1079 Qniam
433 1028 568 1058 autem
601 1013 649 1058 ad
685 1030 908 1073 pauperum
932 1029 1070 1057 curam
1095 1016 1194 1058 haec
1219 1018 1404 1073 proxime
1430 1011 1638 1074 spediant,
1677 1012 1837 1059 filentio
1864 1016 1974 1061 haud

158 1073 162 1078 ⁸
197 1076 534 1141 praetereundum
575 1076 629 1122 est
666 1074 774 1121 aliud
804 1069 1037 1127 auxilium‚'
1074 1091 1158 1137 quo
1185 1074 1235 1120 ad
1271 1091 1467 1137 pauperes·
1495 1074 1760 1121 subleuandos
1790 1080 1973 1123 Romani

196 1142 349 1202 saepius
376 1144 512 1184 etiam-
524 1140 759 1196 vtebantur,
807 1154 883 1198 pro
906 1139 1064 1190 colonis
1093 1137 1239 1180 scilicet
1267 1139 1457 1182 dedudio
1486 1138 1536 1194 n)
1561 1143 1603 1182 in
1628 1155 1773 1199 agrum
1792 1141 1972 1186 hostibus

195 1204 418 1250 ademtum.
491 1204 609 1246 Fadia
640 1205 763 1245 etiam
790 1203 890 1244 haec
909 1215 958 1243 ex
980 1201 1088 1243 SCto
1114 1212 1180 1242 aut
1208 1200 1349 1259 populi
1381 1198 1506 1253 scite,
1552 1217 1730 1260 quorum
1753 1214 1972 1262 vtrumque

132 1265 138 1269 ’
195 1270 348 1327 Legem
384 1267 591 1325 Agrariam
616 1262 877 1324 appellarunt.
958 1263 1049 1306 Hac
1079 1259 1246 1322 quidem
1276 1262 1492 1306 definitum
1530 1275 1636 1317 erat,
1680 1267 1849 1324 quinam
1877 1281 1971 1325 aget

196 1328 290 1374 esset
318 1326 587 1379 diuidendos,
620 1326 785 1386 quibus,
826 1340 897 1384 per
923 1340 1024 1384 quos
1047 1337 1084 1368 et
1114 1324 1329 1385 quomodo
1368 1322 1462 1368 effet
1495 1323 1797 1384 dispertiendus.
1889 1329 1971 1372 De-

194 1392 319 1437 duffii(
337 1405 433 1434 vero
465 1389 602 1433 coloni
630 1404 652 1431 a
681 1387 993 1447 magistratibus,
1021 1390 1090 1448 qui
1114 1402 1136 1431 a
1161 1403 1336 1432 numero
1361 1403 1518 1432 nomen
1536 1387 1760 1444 duxerunt,
1800 1390 1973 1435 Trium·

193 1458 400 1503 virorum,
442 1454 816 1512 Qn‘nqueuirorum
850 1454 927 1495 διο.
1816 1470 1829 1480 x

337 1513 416 1559 Sed
439 1527 478 1558 vt
503 1518 711 1564 veniamus
732 1511 781 1556 ad
804 1512 910 1571 leges
931 1508 1232 1562 frumentarias,
1269 1527 1364 1571 quas
1386 1523 1424 1555 et
1442 1511 1712 1557 alimentarias
1730 1524 1770 1558 et
1787 1529 1969 1559 annona·

195 1581 271 1623 rias
301 1572 502 1636 appelsare
536 1575 711 1634 placuit,
764 1578 917 1634 primus
949 1573 1113 1631 quidem
1151 1572 1201 1617 de
1234 1567 1326 1622 ssata
1354 1590 1399 1617 ac
1426 1588 1616 1634 perpetua
1647 1573 1970 1621 frumentatione

196 1655 292 1683 cum
323 1641 537 1697 antiquitus
568 1635 724 1694 semper
753 1635 977 1678 voluntaria
1009 1647 1048 1678 et
1075 1639 1117 1678 in
1144 1636 1308 1678 arbitrio
1335 1639 1501 1693 Senatus
1529 1634 1682 1688 fuisset,
1711 1638 1845 1697 legem
1869 1639 1971 1683 tulit.

196 1703 244 1745 C.
273 1702 537 1757 Sempronius
568 1700 771 1742 Gracchus
800 1701 847 1740 V.
865 1699 911 1739 C.
931 1701 1037 1748 630:
1087 1704 1165 1741 “vt
1197 1693 1354 1739 semisse
1387 1710 1503 1756 atque
1532 1702 1675 1741 triente
1711 1697 1970 1744 frumentum

196 1761 553 1824 plebiNdareturJ’
595 1776 717 1821 quam
747 1771 883 1803 tamen
912 1757 1047 1818 legem
1080 1760 1257 1803 triennio
1290 1758 1376 1817 posi
1409 1762 1556 1803 iterum
1591 1759 1826 1821 abrogatam
1855 1778 1878 1806 a
1905 1763 1971 1808 M.

196 1828 375 1877 Oelauio
390 1824 582 1867 Tribuno
605 1823 657 1883 pl.
686 1833 878 1882 tanquam
906 1819 1171 1881 reipublicae,
1200 1821 1390 1866 omnibus
1419 1837 1569 1880 nempe
1588 1823 1740 1867 ciuibus
1764 1820 1817 1867 ex
1841 1839 1975 1885 aequo

197 1886 247 1933 ad
266 1885 632 1932 frumentationem
658 1883 858 1934 admistis.
888 1888 1021 1927 immo
1043 1888 1163 1927 etiam
1189 1882 1474 1931 Consul'aribus
1490 1883 1552 1939 ,ad
1584 1901 1675 1929 eam
1702 1885 1976 1931 concursanti-

197 1952 270 1996 bu's
297 1952 376 2006 ο),’
400 1947 797 2008 perniciofiffimam‚
840 1959 981 1991 contra
1007 1962 1104 1991 vero
1131 1946 1393 2006 largitionem
1420 1963 1469 1990 ex
1501 1963 1649 2007 magna
1680 1946 1897 1997 *modicam
1932 1960 1973 1993 et

198 2016 294 2073 reip.
317 2011 599 2059 tolerabilem,
641 2022 680 2051 et
705 2009 858 2051 ciuibus
886 2020 925 2050 et
952 2012 1049 2066 reip.
1078 2006 1291 2051 salutarem
1328 2010 1379 2051 ab
1412 2008 1560 2052 eodem
1595 2009 1795 2053 redditam
1825 2014 1979 2070 accepi·

197 2080 289 2128 mus
302 2074 365 2132 p).
410 2070 591 2131 ¹'Saepius
612 2064 746 2130 polica
771 2072 874 2114 hanc
899 2069 1053 2130 legem,
1086 2085 1164 2130 qua
1183 2072 1387 2125 Gracchus
1413 2069 1495 2130 ipse
1520 2069 1683 2116 nonnisi
1708 2075 1750 2122 in
1766 2076 1977 2131 egentium

198 2136 370 2196 gratiam
396 2130 606 2177 an'nonam
633 2133 767 2175 leuare
798 2131 1005 2183 voluerat,
1046 2131 1225 2175 Tribuni
1254 2130 1606 2189 plebis'ressituere
1632 2131 1905 2184 sunt,conati‚
1936 2146 1978 2178 vt

198 2197 330 2242 statim
373 2188 490 2239 V.'C.
521 2197 610 2248 634.
652 2195 717 2237 vbi
758 2207 857 2236 vero
900 2194 947 2237 C.
988 2194 1144 2237 Marius
1182 2193 1392 2238 Tribunus
1442 2193 1654 2239 interceffit
1685 2206 1725 2239 et
1758 2198 1861 2241 V.C.
1890 2199 1978 2253 652.

200 2262 313 2303 cuius
344 2261 564 2318 rogationis
598 2258 642 2299 L.
673 2252 893 2314 Appuleius
921 2257 1156 2300 Saturninus
1182 2257 1232 2314 q)
1264 2258 1407 2303 audior
1437 2253 1525 2300 fuit.
1590 2261 1755 2302 luterim
1782 2275 1803 2302 a
1829 2261 1978 2319 Spurio

201 2324 349 2373 Borio,
388 2319 583 2368 Tribuno
607 2316 750 2377 plebis>
770 2315 821 2359 ad
847 2319 988 2375 inopes
1022 2315 1287 2363 subleuandos
1323 2318 1409 2364 alia'
1429 2318 1492 2363 lex
1520 2319 1574 2363 est
1603 2319 1750 2380 perlata
1763 2354 1781 2381 ³.
1815 2337 1892 2381 qua
1914 2321 1982 2366 lex

202 2381 355 2445 agra'r'i'a
376 2381 492 2442 saepe
511 2384 654 2442 agitata
674 2382 853 2441 omnino
880 2378 1138 2440 abrogaretur
1161 2393 1199 2424 et
1220 2383 1302 2441 agri
1325 2384 1367 2426 in
1387 2380 1623 2442 poffeffione
1646 2382 1983 2443 relinquerentur,

204 2441 251 2498 e'a
273 2446 412 2499 tamen
429 2445 520 2504 lege
543 2457 663 2504 atque
681 2440 949 2494 conditione,
980 2445 1052 2488 “vt
1075 2460 1124 2489 ex
1149 2447 1193 2488 iis
1212 2444 1354 2495 tributa
1373 2444 1530 2508 populo
1549 2444 1843 2507 penderentur,
1879 2462 1982 2509 quae

1939 2525 1985 2555 ιιι

248 2570 291 2612 τι)
314 2571 362 2602 m.
391 2570 501 2610 Heyne
535 2576 639 2609 progr.
670 2566 709 2599 de
745 2574 806 2603 vet.
846 2567 951 2605 colon.
991 2568 1058 2603 iure
1076 2548 1109 2566 ν
1170 2568 1213 2613 p)
1236 2571 1269 2602 iu
1294 2571 1397 2604 Bruto.
1430 2569 1525 2604 ιω..

207 2613 660 2701 ⁰¹2⁰>s‘e1X⁰iz¹t>AEz.²13?·„.
685 2662 714 2688 α
729 2630 848 2689 πω.
867 2654 912 2699 Q.
925 2656 981 2690 111.
1000 2663 1055 2695 20.
1171 2636 1209 2680 a>
1232 2638 1347 2670 *ustor
1374 2637 1412 2670 *ὁ
1440 2639 1623 2681 neren-22
1656 2648 1725 2675 ιι
1795 2646 1799 2650 ·

1120 2713 1156 2755 Ε
