2462 3251
368 105 472 175 '⁴36
499 134 512 143 *
538 129 547 132 “
908 133 1077 182 ιειιιοι.ἒ
1127 128 1407 176 euersum.
1430 137 1433 140 ’
1453 115 1694 167 ιπυὶᾼσιι

403 235 652 283 lieni-vitam
677 239 717 283 P.
730 237 808 284 Ch.
820 235 871 281 N.
890 248 977 293 291.
1002 234 1258 298 composuit,
1291 233 1393 282 haec
1418 235 1578 297 largitio
1604 236 1863 292 continuata,
1882 237 2067 296 *et-fieuti
2090 238 2193 288 olim

404 317 430 347 ι
447 302 633 346 Traiano
664 299 862 358 pistorum
895 297 1086 358 collegio
1105 306 1265 359 reperto
1310 306 1428 360 atque
1456 299 1630 345 firmato·
1656 316 1851 350 annonae
1865 296 2195 355 Vrbis‚mie1‘fice

405 373 489 409 erat
518 358 775 414 consultum,
819 364 877 408 ita
905 373 945 405 et
975 362 1113 421 postca
1140 364 1378 407 Suariorum
1411 361 2193 427 collegiumT*Romanae'eopiae*·eausa

405 424 635 468 institutum
668 424 749 476 e'ss,
794 440 817 466 a
848 424 991 482 quibua
1022 422 1187 468 suillum
1229 440 1371 483 pecua,
1416 424 1532 483 quod
1558 424 1694 481 ltaliae
1726 425 1925 488 quaedam
1957 431 2195 489 prouinciae

402 485 542 533 tributi
570 489 745 533 nomine
777 488 994 548 quotannis
1018 481 1298 547 praestabant,
1334 488 1523 533 exactum
1554 484 1744 549 legimus.

787 627 791 629 ,
848 641 912 682 De
942 641 1087 691 recensu
1111 581 1257 693 popae}-
1271 594 1590 694 s‘rzffn'eiutationn·
1614 642 1741 694 causa.

548 696 761 742 Hactenus
785 694 1053 762 largitionum
1087 695 1251 739 historia
1279 698 1323 739 in
1355 694 1588 750 vniuersum
1620 695 1858 744 adumbrata
1902 713 2012 743 nunc
2049 697 2103 743 'ad
2134 697 2194 743 di.

407 756 629 801 ssribuendi
658 762 859 802 rationem
890 755 1212 817 progrediamur.
1302 758 1475 801 Gracchi
1506 757 1776 817 largitionem
1801 758 1894 802 ideo
1922 758 2193 820 perniciosam

408 832 449 864 et
481 819 779 865 intolerabilem
812 819 1057 878 reipublicae
1085 816 1225 870 fuiss'e,
1253 821 1347 879 quia
1379 835 1526 863 omnes
1554 823 1686 872 ciues,
1726 823 1853 866 etiam
1881 821 2042 866 nobiles
2066 835 2107 866 et
2134 822 2196 868 lo·

405 880 652 942 cupletiores
678 897 770 927 eam
804 884 1109 943 participarent,
1154 883 1235 926 iam
1267 879 1383 940 supra
1416 880 1605 927 vidimus.
1650 883 1654 885 “
1702 884 1837 945 ltaque
1878 882 1946 929 illa
1988 879 2195 946 abrogata,
2241 895 2259 906 ⁸

406 959 505 988 cum
538 944 646 1004 plebi
674 949 826 1004 egenae
860 946 1020 1003 largitio
1046 944 1178 1002 aliqua
1206 941 1419 986 neceffiaria
1452 941 1567 994 effer,
1611 944 1742 987 statim
1773 946 2074 1004 prouidendum
2095 961 2193 1000 erat,

405 1016 449 1050 vt
492 1002 657 1066 recensu
700 1005 891 1068 q'uodam
928 1005 1066 1051 habito
1104 1004 1389 1066 locupletiores
1426 1021 1448 1050 a
1490 1004 1768 1067 largitionibus
1812 1006 2122 1054 excluderentur
2154 1023 2195 1054 et
2228 1049 2236 1061 s

407 1083 604 1127 pauperes
636 1067 927 1113 tantummodo
958 1067 1276 1111 admitterentur.
1372 1071 1457 1111 lam
1494 1083 1592 1111 vero
1631 1068 1682 1111 de
1722 1067 1860 1112 forma
1890 1083 2008 1130 atque
2038 1075 2195 1115 ratione

405 1125 591 1182 solenni,
618 1147 696 1192 qua
724 1131 792 1176 ille
822 1134 979 1175 ciuium
1007 1127 1190 1188 recensus
1219 1128 1508 1180 institueretur,
1541 1129 1662 1173 exstat
1690 1129 1754 1174 lex
1785 1134 1947 1192 antiqua
1969 1135 2012 1176 in
2041 1131 2193 1177 eodem

407 1192 566 1236 tabulae
592 1208 740 1237 aeneae
771 1188 1006 1253 fragmento
1036 1193 1279 1242 Britannico,
1313 1190 1420 1235 vnde
1453 1194 1535 1234 iam
1568 1189 1683 1251 supra
1717 1193 1834 1252 §.16.
1866 1193 2001 1255 legem
2031 1194 2195 1255 plostra-

405 1255 510 1299 riam
540 1255 759 1300 attulimus.
839 1258 992 1314 Legem
1019 1257 1241 1313 integram,
1272 1252 1412 1311 vtpote
1444 1269 1545 1312 quae
1578 1253 1744 1298 verbose
1771 1256 1826 1299 en
1856 1270 2054 1315 concepta
2084 1271 2123 1301 et
2149 1270 2193 1302 vt

332 1322 334 1324 ’
403 1318 514 1361 redle
543 1317 713 1377 intelligi
741 1317 881 1377 posfit,
926 1316 1063 1360 multis
1104 1313 1524 1359 animaduersionibus
1557 1314 1731 1375 indiget,
1771 1318 1853 1360 hoc
1886 1316 1983 1361 loco
2024 1317 2192 1363 reddere

404 1376 609 1423 breuitatis
636 1378 814 1424 studium
849 1379 1052 1439 prohibet.
1146 1380 1351 1422 Sententia
1380 1375 1436 1435 fic
1464 1374 1504 1421 se
1534 1378 1674 1421 habet:
1724 1380 1860 1439 Qem
1900 1383 1977 1424 hae
2008 1380 2100 1439 lege
2138 1381 2191 1424 ad

406 1438 639 1486 Consulem
660 1440 851 1502 profiteri
880 1441 1112 1502 oportebit,
1160 1438 1191 1482 fi
1233 1454 1320 1484 non
1354 1441 1515 1483 Rornae
1553 1443 1649 1493 erit,
1697 1451 1784 1484 tum
1815 1443 1884 1501 qui
1918 1444 2001 1485 eius
2026 1445 2190 1502 negotia

403 1503 581 1555 curabit,
611 1516 681 1559 aut
707 1502 738 1547 fi
772 1502 948 1563 pupillus
977 1507 1070 1553 erit,
1120 1514 1227 1545 tutor
1258 1502 1387 1545 eadem
1419 1505 1572 1550 omnia,
1617 1517 1716 1560 quae
1746 1516 1857 1552 eum,
1897 1506 2008 1547 cuius
2035 1507 2190 1563 negotia

402 1568 579 1618 curabit,
607 1565 791 1624 profiteri
817 1567 1030 1623 oportebit,
1058 1561 1282 1624 iisdemque
1306 1561 1451 1607 *diebus
1478 1561 1527 1606 ad
1551 1561 1800 1615 Consulem,
1830 1561 1990 1609 absente
2009 1563 2189 1613 Consule

402 1626 454 1670 ad
486 1630 716 1673 Praetorem
752 1629 975 1680 vrbanum,
1028 1625 1058 1670 fi
1087 1629 1155 1670 hic
1184 1629 1306 1669 etiam
1335 1628 1472 1670 Roma
1503 1624 1624 1678 abfit,
1674 1625 1724 1669 ad
1759 1629 1883 1671 Praet.
1913 1631 2189 1688 peregrinum,

400 1699 469 1731 aut
494 1691 576 1732 hoc
607 1687 770 1733 absente
808 1688 860 1733 ad
893 1689 1132 1750 Tribunum
1175 1688 1314 1747 plebis-
1339 1686 1565 1746 profitetur.
1660 1688 1752 1731 Hos
1789 1700 1922 1732 autem
1962 1705 2035 1740 ea,
2084 1706 2187 1734 «uae

395 1749 569 1812 'quisque
599 1749 796 1813 professus
828 1764 935 1806 erat,
966 1754 1009 1796 in
1042 1748 1193 1805 tabulas
1224 1749 1403 1810 publicas·
1429 1745 1640 1794 referenda
1668 1766 1830 1801 curare,
1866 1705 2186 1797 deindereadem

398 1817 444 1858 in
471 1813 565 1857 albo
590 1814 697 1874 apud
725 1813 866 1858 forum
898 1826 937 1858 et
962 1830 1057 1857 cum
1085 1811 1241 1872 populo
1268 1810 1524 1857 frumentum
1556 1811 1717 1856 daretur
1747 1825 1786 1856 et
1813 1812 1879 1857 vbi
1911 1811 2093 1865 daretur,
2127 1814 2186 1858 ibi
2235 1818 2249 1823 “

396 1875 582 1935 quotidie
612 1876 664 1921 ad
698 1880 899 1921 maiorem
931 1887 1088 1934 partem
1118 1872 1198 1918 diei
1232 1871 1438 1934 proposita
1468 1874 1615 1917 babere
1643 1878 1835 1934 oportuit.
1898 1877 2063 1921 Sauc‘lio
2085 1893 2184 1921 vero

393 1937 493 1999 legis
521 1936 752 1999 praesertim
787 1938 997 1982 notabilis:
1030 1938 1310 1999 “Qicunq'ue
1337 1933 1593 1979 frumentum
1614 1935 1775 1996 populo
1796 1936 1967 1991 dabunt,l
1994 1936 2079 1983 fine
2100 1942 2185 2000 qui·

393 2017 556 2060 cunque
584 1998 768 2045 dandum
798 2001 977 2051 curabit,
1007 2016 1060 2042 ne
1090 2001 1154 2042 cui
1182 2014 1353 2047 eorum,
1382 2013 1559 2056 quorum
1587 2000 1854 2041 nomina‘hac
1875 2000 1965 2058 lege
1986 2005 2027 2043 in
2045 2001 2182 2054 tabula

392 2064 437 2105 in
466 2061 561 2106 albo
590 2058 797 2121 propofita
829 2072 969 2112 erunt,
998 2058 1254 2105 frumentum
1290 2057 1413 2109 dato,
1456 2073 1561 2102 neue
1588 2056 1686 2103 dare
1714 2058 2019 2115 iubeto,-neue
2047 2059 2181 2106 finito.

389 2127 473 2184 Qi
502 2121 689 2169 aduersus
721 2139 767 2167 ea
801 2139 946 2166 eorum
988 2126 1055 2165 cui
1096 2120 1352 2164 frumentum
1392 2120 1570 2170 dederit,
1621 2125 1652 2162 is
1688 2124 1790 2169 intra
1829 2119 2010 2165 mensem
2052 2139 2210 2166 vnum>

388 2184 584 2244 sestertios
606 2184 763 2248 populo
783 2183 879 2229 dare
902 2182 1070 2228 damnas
1089 2181 1188 2235 esso,
1222 2183 1613 2243 eiusquepecuniae,
1648 2184 1714 2242 qui
1742 2180 1864 2234 volet,
1897 2186 2036 2243 petitio
2056 2184 2178 2230 eno?

437 2244 444 2255 ¹
530 2252 654 2295 Hanc
681 2246 848 2309 quide-*m
868 2246 1026 2306 legem,
1059 2261 1156 2290 cum
1188 2261 1240 2288 ne
1269 2245 1394 2288 verbo
1412 2242 1576 2304 quidem
1608 2241 1835 2303 expressum
1863 2243 1935 2297 fit,
1980 2246 2176 2307 quidnam

385 2313 568 2376 profiteri
601 2310 777 2357 debeant
809 2313 864 2359 ii,
909 2307 959 2353 ad
997 2306 1107 2369 quod
1140 2306 1207 2351 illa
1241 2303 1409 2366 spectat,
1464 2304 1588 2351 aliam
1615 2304 1889 2358 *anteceffiffm
1930 2309 1994 2353 vel
2029 2314 2177 2368 princi.

383 2382 501 2437 pium
534 2376 633 2435 legis
667 2369 909 2418 intercidiffe
932 2369 960 2413 fi
1017 2375 1075 2414 uis
1094 2368 1336 2421 contendat,
1371 2372 1406 2412 ei
1437 2384 1524 2413 uon
1557 2366 1676 2411 valde
1707 2383 1945 2428 repugnem.
2006 2374 2068 2417 Ex
2090 2371 2177 2417 san.

381 2444 523 2488 dione
556 2451 695 2483 tamen
725 2387 1087 2496 legisfadinodum
1124 2429 1343 2477 verisimile
1379 2430 1455 2482 est,
1494 2431 1570 2474 hac
1610 2429 1722 2490 lege,
1764 2443 1918 2490 praeter
1954 2435 2176 2494 generalia,

380 2507 596 2565 praecipue
622 2499 771 2559 cufim»
789 2499 1034 2556 facultatum
1068 2493 1183 2538 fuiss'e
1213 2492 1503 2554 profitendum.
1585 2491 1740 2552 Qodfi
1768 2495 1850 2538 hoc
1883 2499 1936 2538 it'a
1970 2494 2013 2556 se
2038 2495 2174 2547 habet,

379 2579 479 2612 tunc
507 2562 671 2626 quidem
704 2569 891 2623 apparet,
925 2569 1075 2623 quanta
1106 2572 1201 2603 cura
1230 2568 1394 2603 cautum
1423 2553 1567 2610 fucrit,
1611 2571 1664 2601 ne
1690 2554 1887 2602 ditiorum
1920 2556 2060 2619 aliquis
2082 2555 2165 2603 fru-

376 2632 510 2675 menti
537 2627 651 2672 fieret
679 2629 885 2684 particeps.
1979 2654 2167 2700 Tamum
