2462 3251
767 153 769 155 ·
807 143 874 179 nr,
920 144 1112 180 Pom-rm
1157 122 1487 181 noannean-
1953 142 2019 191 79

222 307 225 309 ι
245 241 742 309 ‚niagissmtuum'eenl'um
758 247 1025 295 falsoreiatoa
1045 262 1184 297 eontra
1202 264 1300 295 vexo
1322 253 1477 296 viarum
1494 245 1747 311 quarundam
1774 260 1846 309 per
1864 248 2019 297 ltaliam

262 315 515 361 curationem
543 311 618 356 illis
641 311 827 357 mandari
850 311 1008 359 solitam
1030 310 1132 364 effe.
1159 316 1241 357 iam
1270 314 1372 357 mihi
1399 312 1454 357 ess
1479 324 1591 357 certo
1613 309 1843 372 persuasum
1857 311 1928 368 s)-

794 496 855 538 De
879 499 1043 538 viocuris
1059 497 1134 548 sub
1162 495 1475 550 Imperator-ibas.

253 618 257 621 Α
400 566 481 613 Sub
512 566 707 625 republica
739 565 868 612 libera'
900 572 1054 614 viarum
1090 573 1130 611 in
1162 570 1267 612 Vrbe
1306 584 1400 612 cura
1436 573 1539 612 inter
1578 565 1734 612 Aediles
1773 566 1939 613 Curules
1975 579 2015 613 et

256 628 437 674 Plebeios
459 632 509 671 ita
527 625 649 679 diuisa
666 641 758 679 erat,
783 641 837 680 vt,
866 638 960 689 φῆς
984 635 1064 674 iam
1082 633 1239 674 Seruius
1258 630 1421 679 Tullius
1449 631 1551 673 vrbis
1573 643 1700 686 partes
1729 628 1810 674 flue
1828 635 2013 691 regiones

257 688 392 735 fecisse
409 687 545 741 fertur,
568 705 705 749 earum
731 706 850 733 vnam
873 707 1073 752 quamque
1086 690 1287 741 Aedilium
1306 695 1483 752 quisque,
1505 705 1622 749 prout
1641 692 1704 735 vel
1725 696 1826 735 inter
1841 690 1882 736 se
1901 708 2014 737 com·

257 750 483 811 parassent,
518 752 580 797 vel
616 750 697 796 sors
725 751 889 803 tulisset,
929 753 1148 808 curandam
1178 754 1350 797 haberet.
1447 755 1643 813 Augustus
1671 767 1805 798 autem
1841 753 2020 812 spatium·

251 815 372 864 *Vrbis
406 818 447 858 in
473 819 656 878 regiones
690 816 793 857 XlV.
822 817 1010 875 vicosque
1048 815 1265 867 distritmit,
1317 815 1559 874 instituitque
1591 820 1636 860 V.
1651 817 1697 860 C.
1729 831 1821 870 747.
1859 829 1898 859 vt
1927 816 2011 859 illas

253 881 377 919 annui
411 877 654 936 magistratus
687 873 826 918 sortito
845 881 1075 928 tuerentur,
1113 879 1185 919 hos
1218 878 1392 934 magistri
1419 894 1440 920 e
1469 878 1582 936 plebe
1615 882 1806 937 cuiusque
1840 882 2012 921 viciniae

255 938 368 981 eledli
394 941 458 995 g).
543 940 606 981 Ne
628 949 759 981 autem
783 936 1032 990 dubitemus,
1075 941 1240 998 quinam
1276 938 1333 981 illi
1363 939 1605 997 magistratus
1638 937 1811 990 fuerint,
1853 942 1935 983 Dio
1960 941 2009 993 b)

253 997 438 1057 expressis
463 1000 610 1042 verbis:
654 1006 1011 1060 αινγοριιινεηιιοις,
1051 997 1324 1061 δημαρχοις,
1361 1017 1437 1046 και
1461 1016 1723 1062 στρατηγοις
1749 1018 1905 1047 πᾶσαν
1932 1018 2005 1047 την

253 1068 385 1114 πολιν
414 1079 466 1115 εις
493 1057 794 1120 damnantem
824 1078 930 1121 μερη
960 1062 1232 1118 νωμκθεισαν
1259 1067 1405 1123 κληρῳ
1434 1063 1795 1121 προστᾳχθεισιν
1825 1078 2007 1124 eme-Qa-

251 1127 416 1169 7tm’oe1”
450 1139 523 1166 nos
548 1122 667 1171 docet
689 1117 875 1181 additque
902 1123 925 1167 ὁ
951 1140 1024 1166 και
1054 1140 1117 1164 νυν
1146 1138 1323 1177 'yma-at.
1405 1123 1608 1166 Aedilibus
1636 1128 1776 1181 igitur,
1808 1125 2005 1168 Tribunis

249 1184 368 1242 pl.‘et
392 1187 635 1228 Praetoribus
657 1186 696 1237 i)
724 1198 861 1226 curam
895 1185 1133 1239 regionum,
1176 1194 1216 1224 vt
1242 1183 1386 1240 cuique
1414 1180 1517 1225 sorte
1550 1182 1770 1243 obtigisset,
1811 1185 2007 1245 Augustus

249 1248 452 1296 iniunxit,
496 1250 604 1304 isque
632 1243 735 1286 ordo
768 1258 887 1302 vsque
920 1242 969 1285 ad
1000 1244 1145 1286 Dionis
1176 1256 1382 1301 tempora,
1420 1243 1460 1285 id
1495 1244 1549 1286 est
1588 1250 1690 1287 circa
1734 1261 1811 1289 220
1845 1249 1940 1289 P.C.
1954 1248 2005 1290 N.

248 1306 476 1367 permanfit.
560 1308 685 1350 Reae
711 1305 812 1348 adeo
837 1317 1031 1364 negarunt
1061 1306 1302 1349 Torrentius
1331 1317 1449 1364 atque
1472 1302 1752 1359 Casaubouus‚
1791 1324 1921 1353 nouos
1954 1323 2005 1359 ex

247 1367 415 1429 Augusti
452 1368 698 1413 institutione
732 1381 883 1412 creatos
914 1365 990 1411 effe
1027 1367 1284 1425 magistratus.
1376 1366 1599 1411 Alexander
1630 1372 1796 1414 Seuerus
1827 1369 1898 1414 sub
1922 1385 2005 1430 quo

246 1432 332 1475 Dio
364 1432 522 1484 floruit,
563 1443 761 1474 curatores
798 1431 911 1472 Vrbis
939 1432 1043 1473 XlV.
1084 1427 1203 1481 fecit,
1250 1445 1390 1473 verum
1430 1446 1478 1473 ex
1517 1428 1786 1474 consularibus
1828 1437 1919 1476 viris
1948 1434 2003 1487 k).

244 1493 405 1538 Publius
434 1496 597 1541 vietor,
648 1496 715 1551 qui
746 1495 849 1534 circa
877 1500 965 1546 389.
983 1494 1024 1534 P.
1043 1494 1087 1534 C.
1107 1494 1157 1534 N.
1191 1494 1308 1541 vixit,
1364 1492 1575 1534 Curatores
1609 1496 1823 1551 regionum
1859 1496 2001 1538 XXlV.

243 1568 469 1608 memorat,
490 1556 584 1607 etfi,
614 1569 636 1596 a
654 1568 736 1614 quo
761 1556 941 1612 principe
956 1551 1023 1596 ille
1044 1567 1234 1596 numerus
1254 1555 1468 1596 intantum
1490 1555 1625 1597 anetus
1649 1553 1720 1604 sit,
1753 1558 2001 1615 ignoramus.

384 1643 506 1706 Qod
538 1643 589 1688 ad
622 1643 836 1703 Magistros
866 1645 1036 1703 pertinet
1063 1645 1218 1687 viarum
1253 1655 1453 1687 curatores
1488 1659 1539 1686 ex
1575 1643 1691 1701 plebe
1725 1647 1999 1704 cuiuscunque

243 1711 411 1755 viciniae
436 1708 606 1756 eledios,
646 1706 721 1748 illis
750 1705 911 1765 quidem
934 1709 975 1748 in
1006 1707 1049 1747 iis
1073 1704 1192 1756 locis,
1237 1706 1378 1764 quibus
1402 1702 1643 1764 praeessent,
1681 1720 1766 1749 non
1796 1719 1997 1766 praetexta

239 1769 373 1815 solum
393 1781 429 1812 et
458 1769 661 1813 lictoribus
693 1768 793 1809 binis
823 1770 877 1809 vti
898 1763 1126 1810 concessum
1152 1763 1230 1808 effe
1252 1769 1336 1810 Dio
1361 1765 1499 1817 tradit,
1531 1782 1671 1809 verum
1694 1765 1814 1810 eiiam
1839 1766 1997 1811 seruitia

241 1832 397 1880 addita.
440 1847 542 1892 quae
576 1845 688 1874 antea
723 1845 814 1873 cum
850 1828 1051 1874 Aedilibus
1082 1832 1123 1871 iu
1156 1826 1269 1872 vsum
1298 1827 1996 1888 restinguendorum‘incendiorum

239 1892 397 1938 fuerant
418 1895 469 1945 Ι).
534 1891 632 1936 lnde
652 1907 746 1934 vero
771 1889 937 1950 suspicio
962 1893 1060 1934 mihi
1085 1894 1227 1940 oritur,
1256 1906 1324 1934 eos
1341 1904 1499 1949 praeter
1526 1894 1681 1934 viarum
1700 1908 1839 1934 curam
1859 1895 1997 1951 ignota

239 1955 370 1998 adhuc
398 1954 531 2009 officia
557 1952 606 1996 ad
635 1951 843 1995 securitatis
871 1968 1007 1995 curam
1038 1956 1275 2009 pertinentia
1310 1950 1510 2004 habuiffe3
1542 1953 1652 2010 quod
1683 1968 1733 1995 eo
1755 1953 1999 2010 probabilius

236 2019 340 2060 mihi
362 2015 543 2068 videtur,
571 2031 665 2058 cum
687 2017 840 2057 viarum
863 2012 1157 2073 purgandarum
1182 2029 1334 2062 curam,
1363 2028 1483 2072 quam
1506 2012 1595 2071 ipfis
1617 2011 1749 2056 forsan
1771 2017 1997 2058 iniunctam

237 2075 354 2121 fuisse
380 2092 515 2135 putes,
545 2076 701 2120 Aediles
731 2077 964 2125 habuerint,
1010 2088 1049 2117 vt
1080 2091 1127 2117 ex
1152 2078 1346 2118 Suetonio
1380 2072 1589 2124 discimus,
1629 2076 1694 2116 vbi
1716 2078 1834 2118 Caius
1854 2073 1995 2118 Caesar

236 2134 582 2194 “Vespafianum,
604 2149 711 2183 „cum
728 2136 876 2176 Aedilis
897 2134 1010 2186 effer,
1044 2134 1275 2190 succensens
1303 2149 1440 2177 curam
1465 2134 1665 2176 verrendis
1687 2138 1757 2177 viis
1774 2151 1856 2178 non
1885 2136 1994 2178 adhi-

1853 2197 1994 2250 bitam‚

276 2292 322 2336 f)
344 2292 446 2325 Habea
470 2290 520 2322 hic
540 2288 598 2321 iam
623 2288 651 2319 in
672 2286 788 2318 difficili
817 2294 847 2318 et
872 2286 1001 2318 maxime
1025 2288 1078 2319 im·
1147 2286 1302 2323 sentirem,
1336 2297 1390 2319 nee
1408 2297 1425 2319 a
1452 2287 1557 2320 iuuene
1580 2289 1720 2331 imperito
1740 2290 1895 2321 donorum
1914 2292 1992 2323 viro-

236 2340 339 2381 pedita
360 2337 397 2368 de
425 2335 536 2366 leiris
564 2334 674 2364 viarum
696 2330 887 2362 curandarum
907 2331 1077 2381 quaestione
1148 2342 1209 2362 rum
1236 2332 1369 2363 laudibus
1402 2332 1516 2373 aliquid
1549 2331 1665 2364 detrahi
1693 2332 1834 2376 snpientia
1860 2335 1992 2367 animum

234 2392 330 2413 meam
352 2379 521 2410 sententiam
534 2399 543 2411 ,
567 2386 652 2417 quam
672 2375 791 2416 quidem
813 2384 871 2403 aon
890 2384 973 2414 parui
995 2374 1077 2405 labo·
1146 2375 1226 2406 iuuet
1239 2397 1247 2408 .
1281 2374 1436 2406 confilium
1457 2376 1583 2406 libenter
1603 2378 1709 2407 abieci,

234 2425 275 2457 ris
302 2422 426 2454 fructum
454 2419 512 2452 {ine
539 2419 653 2450 inuidia
677 2419 763 2448 liceat
788 2417 943 2458 appellare.
989 2417 1075 2448 Olim
1188 2417 1226 2459 g)
1250 2418 1371 2449 Sueten.
1390 2418 1421 2449 in
1441 2420 1523 2460 Aug.
1547 2429 1573 2449 e.
1589 2426 1639 2459 30.

237 2469 356 2510 quidem
385 2463 568 2506 propositum
595 2470 677 2496 erat,
715 2459 865 2501 copiosius
893 2461 930 2492 de
959 2460 1018 2491 illis
1045 2461 1075 2492 in
1189 2461 1229 2503 h)
1255 2462 1314 2492 Dio
1333 2469 1380 2499 ςς.
1408 2465 1437 2499 8.

235 2510 355 2541 excursu
382 2517 484 2547 agere.
516 2508 544 2535 in
569 2515 628 2546 qno
652 2512 843 2545 argumento,
875 2514 940 2533 cum
966 2504 1076 2535 multos
1190 2505 1229 2545 i)
1252 2507 1296 2535 De
1315 2506 1361 2535 his
1380 2505 1439 2534 vid.
1460 2504 1615 2544 Inscriptio
1642 2507 1817 2539 Gmteriana
1849 2518 1918 2551 pag.
1937 2509 1990 2543 61,

236 2554 393 2586 doctorum
420 2551 559 2582 Virorum
586 2559 696 2580 errores
728 2546 850 2577 notandi
881 2556 968 2588 atque
992 2545 1076 2578 refel·
1147 2558 1164 2577 n
1193 2556 1219 2581 η.
1247 2548 1294 2578 vbi
1320 2547 1449 2579 dicitur:
1482 2550 1618 2585 Praetor,
1651 2551 1700 2580 cui
1717 2552 1791 2582 haec
1816 2553 1900 2596 regio
1920 2552 1990 2585 sorti

175 2597 183 2602 ’
235 2597 316 2627 lendi
332 2595 449 2626 occ-tio
465 2593 569 2626 fuisset,
588 2591 683 2622 forsan
702 2602 760 2621 non
780 2589 836 2620 sine
856 2591 952 2631 aliqua
966 2591 1075 2621 dothi-
1147 2592 1321 2626 obuenerit,
1353 2592 1462 2622 aliusue
1479 2594 1543 2632 quis
1562 2593 1746 2633 magistratus
1767 2594 1828 2627 &c.

236 2650 291 2671 nae
321 2639 415 2680 specie
441 2637 543 2668 veriani
572 2634 705 2666 lituiffet.
772 2637 880 2665 Verum
910 2634 1072 2670 enimuero,
1189 2634 1227 2663 Η
1251 2634 1400 2674 erprid.
1424 2635 1453 2664 in
1472 2636 1594 2668 Seuero.
1616 2643 1708 2677 c.33.

234 2694 300 2715 cum
322 2685 379 2715 iam
401 2684 432 2714 iu
452 2690 564 2713 tantum
582 2680 738 2713 voluminis
757 2676 919 2711 exarescere
939 2677 1075 2710 libellum
1188 2677 1223 2720 l)
1249 2679 1312 2711 Dio
1332 2685 1384 2722 55,
1410 2680 1439 2717 8.
